@misc{brown2021plactic,
      author = {Daniel R.  L.  Brown},
      title = {Plactic key agreement (insecure?)},
      howpublished = {Cryptology ePrint Archive, Paper 2021/625},
      year = {2021},
      note = {\url{https://eprint.iacr.org/2021/625}},
      url = {https://eprint.iacr.org/2021/625}
}

@article{Brown+2023,
url = {https://doi.org/10.1515/jmc-2022-0010},
title = {Plactic key agreement (insecure?)},
title = {},
author = {Daniel R. L. Brown},
pages = {20220010},
volume = {17},
number = {1},
journal = {Journal of Mathematical Cryptology},
doi = {doi:10.1515/jmc-2022-0010},
year = {2023},
lastchecked = {2023-02-22}
}

@misc{monico2022division,
      author = {Chris Monico},
      title = {Division in the Plactic Monoid},
      howpublished = {Cryptology ePrint Archive, Paper 2022/1684},
      year = {2022},
      note = {\url{https://eprint.iacr.org/2022/1684}},
      url = {https://eprint.iacr.org/2022/1684}
}

@article{schensted1961longest,
  title={Longest increasing and decreasing subsequences},
  author={Schensted, Craige},
  journal={Canadian Journal of mathematics},
  volume={13},
  pages={179--191},
  year={1961},
  publisher={Cambridge University Press}
}

@article{knuth1970permutations,
  title={Permutations, matrices, and generalized Young tableaux},
  author={Knuth, Donald},
  journal={Pacific journal of mathematics},
  volume={34},
  number={3},
  pages={709--727},
  year={1970},
  publisher={Mathematical Sciences Publishers}
}

@article{rivest1978method,
  title={A method for obtaining digital signatures and public-key cryptosystems},
  author={Rivest, Ronald L and Shamir, Adi and Adleman, Leonard},
  journal={Communications of the ACM},
  volume={21},
  number={2},
  pages={120--126},
  year={1978},
  publisher={ACM New York, NY, USA}
}

@INPROCEEDINGS{Shor,
  author={Shor, P.W.},
  booktitle={Proceedings 35th Annual Symposium on Foundations of Computer Science}, 
  title={Algorithms for quantum computation: discrete logarithms and factoring}, 
  year={1994},
  volume={},
  number={},
  pages={124-134},
  doi={10.1109/SFCS.1994.365700}}

  @book{lothaire2002algebraic,
  title={Algebraic combinatorics on words},
  author={Lothaire, M.},
  volume={90},
  year={2002},
  publisher={Cambridge university press}
}

@article{young1900quantitative,
  title={On quantitative substitutional analysis},
  author={Young, Alfred},
  journal={Proceedings of the London Mathematical Society},
  volume={1},
  number={1},
  pages={97--145},
  year={1900},
  publisher={Wiley Online Library}
}

@article{lascoux1981monoide,
  title={Le monoide plaxique,(Proc. Colloqu. Naples 1978)},
  author={Lascoux, A and Schutzenberger, MP},
  journal={Quad. Ricerca Sci},
  volume={109},
  year={1981}
}